<record><leader>00000cas a2200000 a 4500</leader><controlfield tag="001">13377047</controlfield><controlfield tag="008">860402d18271839tnuwr ne      0    0eng  </controlfield><datafield ind1=" " ind2=" " tag="010"><subfield code="a">sn 86071276 </subfield></datafield><datafield ind1=" " ind2=" " tag="040"><subfield code="a">DLC</subfield><subfield code="b">eng</subfield><subfield code="c">DLC</subfield><subfield code="d">WVC</subfield><subfield code="d">KNP</subfield><subfield code="d">TGN</subfield><subfield code="d">OCL</subfield><subfield code="d">TGN</subfield><subfield code="d">OCL</subfield><subfield code="d">OCLCQ</subfield><subfield code="d">OCLCO</subfield><subfield code="d">OCLCQ</subfield><subfield code="d">OCLCF</subfield></datafield><datafield ind1="1" ind2=" " tag="029"><subfield code="a">AU@</subfield><subfield code="b">000020128008</subfield></datafield><datafield ind1=" " ind2=" " tag="042"><subfield code="a">msc</subfield></datafield><datafield ind1=" " ind2=" " tag="043"><subfield code="a">n-us-tn</subfield></datafield><datafield ind1="0" ind2="0" tag="050"><subfield code="a">Newspaper 9793-X</subfield></datafield><datafield ind1="0" ind2=" " tag="130"><subfield code="a">West-Tennesseean (Paris, Tenn.)</subfield></datafield><datafield ind1="1" ind2="4" tag="245"><subfield code="a">The West-Tennesseean.</subfield></datafield><datafield ind1="1" ind2=" " tag="246"><subfield code="i">Issues beginning &lt;May 16, 1835&gt; have title:</subfield><subfield code="a">West Tennessean</subfield></datafield><datafield ind1="3" ind2="0" tag="246"><subfield code="a">Tennesseean</subfield></datafield><datafield ind1="3" ind2=" " tag="246"><subfield code="a">Tennessean</subfield></datafield><datafield ind1=" " ind2=" " tag="260"><subfield code="a">Paris, Tenn. :</subfield><subfield code="b">Lewis &amp; Gates</subfield></datafield><datafield ind1=" " ind2=" " tag="300"><subfield code="a">v. ;</subfield><subfield code="c">55 cm.</subfield></datafield><datafield ind1=" " ind2=" " tag="310"><subfield code="a">Weekly</subfield></datafield><datafield ind1="1" ind2=" " tag="362"><subfield code="a">Began in 1827; ceased in 1839?</subfield><subfield code="z">Cf. NIM, 1948-1983.</subfield></datafield><datafield ind1=" " ind2=" " tag="500"><subfield code="a">Publishers: G.W. Terrill, &lt;1827&gt;; Johnston &amp; Dyer, &lt;1828&gt;; Lewis &amp; Gates, &lt;1835&gt;; Gates &amp; McCowat, &lt;1837-1838&gt;; P.C. McCowat, &lt;1839&gt;</subfield></datafield><datafield ind1=" " ind2=" " tag="530"><subfield code="a">Also issued on microfilm from Tennessee State Library and Archives.</subfield></datafield><datafield ind1=" " ind2=" " tag="588"><subfield code="a">Description based on: Vol. 1, no. 38 (Nov. 19, 1827).</subfield></datafield><datafield ind1=" " ind2="0" tag="651"><subfield code="a">Paris (Tenn.)</subfield><subfield code="v">Newspapers.</subfield></datafield><datafield ind1=" " ind2="0" tag="651"><subfield code="a">Henry County (Tenn.)</subfield><subfield code="v">Newspapers.</subfield></datafield><datafield ind1=" " ind2="7" tag="655"><subfield code="a">Newspapers.</subfield><subfield code="2">fast</subfield><subfield code="0">(OCoLC)fst01423814</subfield></datafield><datafield ind1=" " ind2="7" tag="651"><subfield code="a">Tennessee</subfield><subfield code="z">Henry County.</subfield><subfield code="2">fast</subfield><subfield code="0">(OCoLC)fst01221712</subfield></datafield><datafield ind1=" " ind2="7" tag="651"><subfield code="a">Tennessee</subfield><subfield code="z">Paris.</subfield><subfield code="2">fast</subfield><subfield code="0">(OCoLC)fst01221711</subfield></datafield><datafield ind1=" " ind2=" " tag="752"><subfield code="a">United States</subfield><subfield code="b">Tennessee</subfield><subfield code="c">Henry</subfield><subfield code="d">Paris.</subfield></datafield></record>